@ARTICLE{model1,
    author = {John Carl Panetta },
    title = {A Mathematical Model of Drug Resistance: Heterogeneous Tumors },
    journal = {Mathematical Biosciences},
    pages = {41-61},
    month = {May},
    year = {1996},
}

@ARTICLE{AML,
    author = {De Kouchkovsky I, Abdul-Hay M.},
    title = {Acute myeloid leukemia: a comprehensive review and 2016 update},
    journal = {Blood Cancer J.},
    month = {July},
    year = {2016},
    dio = {10.1038/bcj.2016.50},
}

@ARTICLE{resistance,
    author = {DD Ross},
    title = {Novel mechanisms of drug resistance in leukemia},
    journal = {Leukemia},
    volume = {14},
    pages = {467-473},
    year = {2000},
}

@ARTICLE{Pgp,
    author = {Stephen G Aller, Jodie Yu, Andrew Ward},
    title = {Structure of P-glycoprotein reveals a molecular basis for poly-specific drug binding },
    journal = {Science},
    year = {2009},
    dio = {10.1126/science.1168750},
}
